
@article{andersson-acf:2009,
title = {Modified {S}chwarz-{C}hristoffel mappings using approximate curve factors},
journal = {J. Comp. Appl. Math.},
volume = 233,
number = 4,
pages = "1117 - 1127",
year = 2009,
issn = "0377-0427",
author = "Anders Andersson",
}


@article{andersson-outpol:2008,
  author = {Anders Andersson},
  collaboration = {},
  title = {Schwarz--{C}hristoffel Mappings for Nonpolygonal Regions},
  publisher = {SIAM},
  year = {2008},
  journal = {SIAM J. Sci. Comput.},
  fjournal = {SIAM Journal on Scientific Computing},
  volume = {31},
  number = {1},
  pages = {94-111},
  keywords = {numerical conformal mapping; Schwarz--{C}hristoffel mapping; tangent polygon; inner region; outer polygon},
  OPTurl = {http://link.aip.org/link/?SCE/31/94/1},
  OPTdoi = {10.1137/070701297}
}

@article {andersson:2008,
    AUTHOR = {Andersson, Anders},
     TITLE = {A modified {S}chwarz-{C}hristoffel mapping for regions with
              piecewise smooth boundaries},
   JOURNAL = {J. Comput. Appl. Math.},
  FJOURNAL = {Journal of Computational and Applied Mathematics},
    VOLUME = {213},
      YEAR = {2008},
    NUMBER = {1},
     PAGES = {56--70},
      ISSN = {0377-0427},
     CODEN = {JCAMDI},
   MRCLASS = {30C20 (30C30)},
  MRNUMBER = {MR2382706},
MRREVIEWER = {Georgi Dimkov},
}

@ARTICLE{Leathem:1915,
   author = {{Leathem}, J.~G.},
    title = {Some Applications of Conformal Transformation to Problems in Hydrodynamics},
  journal = {Royal Society of London Philosophical Transactions Series A},
     year = 1915,
   volume = 215,
    pages = {439-487},
   adsurl = {http://adsabs.harvard.edu/abs/1915RSPTA.215..439L},
  adsnote = {Provided by the SAO/NASA Astrophysics Data System}
}

@book {Henrici:1988,
    AUTHOR = {Henrici, Peter},
     TITLE = {Applied and computational complex analysis. {V}ol. 1},
    SERIES = {Wiley Classics Library},
      NOTE = {Power series---integration---conformal mapping---location of
              zeros,
              Reprint of the 1974 original,
              A Wiley-Interscience Publication},
 PUBLISHER = {John Wiley \& Sons Inc.},
   ADDRESS = {New York},
      YEAR = {1988},
     PAGES = {xviii+682},
      ISBN = {0-471-60841-6},
   MRCLASS = {30-02 (65E05)},
  MRNUMBER = {MR1008928 (90d:30002)},
}

@article {Trefethen:1980,
    AUTHOR = {Trefethen, Lloyd N.},
     TITLE = {Numerical computation of the {S}chwarz-{C}hristoffel
              transformation},
   JOURNAL = {SIAM J. Sci. Statist. Comput.},
  FJOURNAL = {Society for Industrial and Applied Mathematics. Journal on
              Scientific and Statistical Computing},
    VOLUME = 1,
      YEAR = 1980,
    NUMBER = 1,
     PAGES = {82--102},
      ISSN = {0196-5204},
     CODEN = {SIJCD4},
   MRCLASS = {30C30 (65E05)},
  MRNUMBER = {MR572542 (81g:30012a)},
MRREVIEWER = {N. Papamichael},
}

@book {Driscoll-Trefethen:2002,
    AUTHOR = {Driscoll, Tobin A. and Trefethen, Lloyd N.},
     TITLE = {Schwarz-{C}hristoffel mapping},
    SERIES = {Cambridge Monographs on Applied and Computational Mathematics},
    VOLUME = 8,
 PUBLISHER = {Cambridge University Press},
   ADDRESS = {Cambridge},
      YEAR = 2002,
     PAGES = {xvi+132},
      ISBN = {0-521-80726-3},
   MRCLASS = {30C30 (30-02 30-04 65E05)},
  MRNUMBER = {MR1908657 (2003e:30012)},
MRREVIEWER = {N. Papamichael},
}

@Misc{sctoolbox,
  author =	 {Driscoll, Tobin A.},
  title =	 {Schwarz--{C}hristoffel {t}oolbox for {M}atlab},
  year =         {1994-2003},
  howpublished = {Available from
                  \verb+http://www.math.udel.edu/~driscoll/SC/+ }
}

@InProceedings{Andersson:2006,
author = {Andersson, Anders},
title = {Using a zipper algorithm to find a conformal map for a channel with smooth boundary},
publisher = {AIP},
year = {2006},
booktitle = {AIP Conference Proceedings: 2nd Conference on Mathematical Modeling of Wave Phenomena},
volume = {834},
pages = {3-12},
location = {Vaxjo (Sweden)},
keywords = {algorithm theory; differential geometry},
OPTurl = {http://link.aip.org/link/?APC/834/3/1}
}

@article {Banjai-Trefethen:2003,
    AUTHOR = {Banjai, Lehel and Trefethen, L. N.},
     TITLE = {A multipole method for {S}chwarz-{C}hristoffel mapping of
              polygons with thousands of sides},
   JOURNAL = {SIAM J. Sci. Comput.},
  FJOURNAL = {SIAM Journal on Scientific Computing},
    VOLUME = {25},
      YEAR = {2003},
    NUMBER = {3},
     PAGES = {1042--1065 (electronic)},
      ISSN = {1064-8275},
   MRCLASS = {30C30 (65E05)},
  MRNUMBER = {MR2046124 (2004m:30011)},
MRREVIEWER = {N. Papamichael},
}

@InProceedings{Andersson-Nilsson:2009,
author = {Andersson, Anders and Nilsson, B\"orje},
title = {Electro-magnetic scattering in variously shaped waveguides 
with an impedance condition},
publisher = {AIP},
year = 2009,
booktitle = {AIP Conference Proceedings: 3rd Conference on Mathematical Modeling of Wave Phenomena},
volume = 1106,
pages = {36-45},
location = {V\"axj\"o, Sweden}
}

@book {Lawrentjew-Shabat:1967,
    AUTHOR = {Lawrentjew, M. A. and Schabat, B. W.},
     TITLE = {Methoden der komplexen {F}unktionentheorie},
    SERIES = {\"Ubersetzung und wissenschaftliche Redaktion von Udo Pirl,
              Reiner K\"uhnau und Lothar Wolfersdorf. Mathematik f\"ur
              Naturwissenschaft und Technik, Band 13},
 PUBLISHER = {VEB Deutscher Verlag der Wissenschaften},
   ADDRESS = {Berlin},
      YEAR = {1967},
     PAGES = {x+846},
   MRCLASS = {30.00},
  MRNUMBER = {MR0209447 (35 \#345)},
}


@book {Carrier-Krook-Pearson:2005,
    AUTHOR = {Carrier, George F. and Krook, Max and Pearson, Carl E.},
     TITLE = {Functions of a complex variable},
    SERIES = {Classics in Applied Mathematics},
    VOLUME = {49},
      NOTE = {Theory and technique,
              Reprint of the 1966 original},
 PUBLISHER = {Society for Industrial and Applied Mathematics (SIAM)},
   ADDRESS = {Philadelphia, PA},
      YEAR = {2005},
     PAGES = {xiv+438},
      ISBN = {0-89871-595-4},
   MRCLASS = {30-01},
  MRNUMBER = {MR1955018 (2006a:30001)},
}

@article {bjorstad-grosse:1987,
    AUTHOR = {Bj{\o}rstad, Petter and Grosse, Eric},
     TITLE = {Conformal mapping of circular arc polygons},
   JOURNAL = {SIAM J. Sci. Statist. Comput.},
  FJOURNAL = {Society for Industrial and Applied Mathematics. Journal on
              Scientific and Statistical Computing},
    VOLUME = {8},
      YEAR = {1987},
    NUMBER = {1},
     PAGES = {19--32},
      ISSN = {0196-5204},
     CODEN = {SIJCD4},
   MRCLASS = {30C30 (65E05)},
  MRNUMBER = {MR873921 (88d:30010)},
MRREVIEWER = {G. Opfer},
}

@article {Howell:1993,
    AUTHOR = {Howell, Louis H.},
     TITLE = {Numerical conformal mapping of circular arc polygons},
      NOTE = {Computational complex analysis},
   JOURNAL = {J. Comput. Appl. Math.},
  FJOURNAL = {Journal of Computational and Applied Mathematics},
    VOLUME = {46},
      YEAR = {1993},
    NUMBER = {1-2},
     PAGES = {7--28},
      ISSN = {0377-0427},
     CODEN = {JCAMDI},
   MRCLASS = {30C30},
  MRNUMBER = {MR1222470 (94b:30012)},
}

@article {Schwarz:1869,
AUTHOR = {Schwarz, H. A.},
TITLE = {{\"U}ber einige {A}bbildungsaufgaben},
JOURNAL = {J. reine u. angew. {M}ath.},
VOLUME = {70},
YEAR = {1869},
PAGES = {105--120},
}

@InProceedings{davis:1979,
  author = 	 {Davis, R.T.},
  title = 	 {Numerical methods for coordinate
  generation based on {S}chwarz-{C}hristoffel transformations},
  booktitle =	 {4th AIAA Comput. Fluid Dynamic Conf.},
  pages =	 {1--15},
  year =	 1979,
  address =	 {Williamsburg, VA}
}

@InProceedings{andersson:2009,
  author = 	 {Andersson, Anders},
  title = 	 {On the curvature of some inner curves in a {S}chwarz--{C}hristoffel mapping},
  booktitle = {Further Progress in Analysis: Proceedings of the 
6th {I}nternational {ISAAC} {C}oncress},
  pages = 	 {281--290},
  year = 	 2009,
  editor = 	 {Begehr, H.G.W. and \c{C}elebi, A.O. and Gilbert, R.P.},
  optorganization = {ISAAC},
  publisher = {World Scientific}
}

@Book{Henrici3:1986,
    AUTHOR = {Henrici, Peter},
     TITLE = {Applied and computational complex analysis. {V}ol. 3},
    SERIES = {Pure and Applied Mathematics (New York)},
      NOTE = {Discrete Fourier analysis---Cauchy integrals---construction of
              conformal maps---univalent functions,
              A Wiley-Interscience Publication},
 PUBLISHER = {John Wiley \& Sons Inc.},
   ADDRESS = {New York},
      YEAR = {1986},
     PAGES = {xvi+637},
      ISBN = {0-471-08703-3},
   MRCLASS = {30-02 (30C30 65-02 65E05)},
  MRNUMBER = {MR822470 (87h:30002)},
MRREVIEWER = {A. E. Heins},
}

@book {Kythe:1998,
    AUTHOR = {Kythe, Prem K.},
     TITLE = {Computational conformal mapping},
 PUBLISHER = {Birkh\"auser Boston Inc.},
   ADDRESS = {Boston, MA},
      YEAR = {1998},
     PAGES = {xvi+462},
      ISBN = {0-8176-3996-9},
   MRCLASS = {65E05 (30C30 65-00)},
  MRNUMBER = {MR1651941 (99k:65027)},
MRREVIEWER = {Matti Vuorinen},
}

@book {Trefethen:1986,
     TITLE = {Numerical conformal mapping},
    EDITOR = {Trefethen, Lloyd N.},
      NOTE = {Reprint of J. Comput.\ Appl.\ Math.\ {\bf 14} (1986), no.\
              1-2},
 PUBLISHER = {North-Holland Publishing Co.},
   ADDRESS = {Amsterdam},
      YEAR = {1986},
     PAGES = {iv+269},
      ISBN = {0-444-87855-6},
   MRCLASS = {30C30},
  MRNUMBER = {MR874989 (87m:30013)},
}

@Article{Nilsson:2002,
  author = 	 {B\"orje Nilsson},
  title = 	 {Acoustic transmission in curved ducts with various cross-sections},
  journal = 	 {Proc. R. Soc. Lond. A},
  year = 	 2002,
  volume =	 458,
  pages =	 {1555--1574}
}

@InProceedings{Andersson-Nilsson:2008,
  author = 	 {Andersson, Anders and Nilsson, B\"orje},
  title = 	 {Acoustic transmission in ducts of various shapes with an
  impedance condition},
  OPTcrossref =  {},
  OPTkey = 	 {},
  booktitle = {AIP Conference Proceedings: International Congress on Numerical Analysis and Applied Mathematics},
  pages = 	 {33-36},
  year = 	 {2008},
  editor = 	 {Simos and Psihoyios and Tsitouras},
  volume = 	 {1048},
  OPTnumber = 	 {},
  OPTseries = 	 {},
  OPTaddress = 	 {},
  OPTmonth = 	 {},
  OPTorganization = {},
  publisher = {AIP},
  OPTnote = 	 {},
  OPTannote = 	 {},
  location = {Psalidi, Kos, Greece}
}

@BOOK{jones1986,
  title = {Acoustic and electromagnetic waves},
  publisher = {Oxford {U}niversity press},
  year = {1986},
  author = {Jones, D. S.},
  address = {Oxford},
  owner = {bni},
  timestamp = {2006.05.09},
}

@ARTICLE{nilsson1998,
  author = {Nilsson, B.},
  title = {Scattering of stable and unstable waves in a flow duct},
  journal = {Q. Jl Mech. appl. Math.},
  year = {1998},
  volume = {51},
  pages = {599-632},
  number = {4},
  owner = {bni},
  timestamp = {2006.05.09},
}

@ARTICLE{boijnilsson2006,
  author = {Boij, S. and Nilsson, B.},
  title = { Scattering and absorption of sound at flow duct expansions},
  journal = {J. Sound. Vib.},
  year = {2006},
  volume = {289},
  pages = {577-594},
  number = {3},
  owner = {bni},
  timestamp = {2006.05.09},
}
@ARTICLE{boijnilsson2003,
  author = {Boij, S. and Nilsson, B.},
  title = {Reflection of sound at area expansions in a flow duct},
  journal = {J. Sound. Vib.},
  year = {2003},
  volume = {260},
  pages = {477-498},
  owner = {bni},
  timestamp = {2006.05.09},
}

@BOOK{cessenat1996,
  title = {Mathematical {M}ethods in {E}lectromagnetism. Linear {T}heory and {A}pplications},
  publisher = {World Scientific},
  year = {1996},
  author = {Cessenat, M.},
  address = {Singapore},
  owner = {bni},
  timestamp = {2006.05.09},
}


@ARTICLE{kerns1949,
  author = {Kerns, D. M.},
  title = {Basis of the application of network equations to waveguide problems},   
  journal = {J. Res. natn. Bur. Stand.},
  year = {1949},
  volume = {42},
  pages = {515-540},
}

@ARTICLE{nilssonbrander1981b,
  author = {Nilsson , B. and Brander, O.},
  title = {The propagation of sound in cylindrical ducts with mean flow and
	bulk reacting lining - {IV}. {S}everal interacting discontinuities},
  journal = {IMA J. Appl. Math},
  year = {1981},
  volume = {27},
  pages = {263-289},
  owner = {bni},
  timestamp = {2006.05.09},
}


@article {Lu:1999,
    AUTHOR = {Lu, Ya Yan},
     TITLE = {Exact one-way methods for acoustic waveguides},
      OptNOTE = {Wave splitting and inverse problems (Berlin, 1997)},
   JOURNAL = {Math. Comput. Simulation},
  FJOURNAL = {Mathematics and Computers in Simulation},
    VOLUME = {50},
      YEAR = {1999},
    NUMBER = {5-6},
     PAGES = {377--391},
      OptISSN = {0378-4754},
     CODEN = {MCSIDR},
   MRCLASS = {76M25 (65M70 76Q05 78A50 78M25)},
  MRNUMBER = {MR1768342 (2001c:76097)},
}

@InCollection{Fishman:1998,
  author = 	 {Fishman, L. and Gautesen, A. K. and Sun, Z.},
  opteditor = 	 {\"Uberall, H. and Delsanto, P. P. and Saenz, A. W.},
  booktitle = 	 {New Perspectives on Problems in Classical and Quantum Physics: A Festschrift in Honor of Herbert \"Uberall},
  title  = 	 {An exact, well-posed, one-way reformulation of the {H}elmholtz equation with application to direct and inverse wave propagation modeling},
  publisher = 	 {CRC Press},
  year = 	 {1998},
  OPTkey = 	 {},
  OPTvolume = 	 {},
  OPTnumber = 	 {},
  OPTseries = 	 {},
  OPTtype = 	 {},
  OPTaddress = 	 {},
  OPTedition = 	 {},
  OPTmonth = 	 {},
  pages = 	 {75-97},
  OPTnote = 	 {},
  OPTannote = 	 {}
}

@Book{Mechel:2008,
  author = 	 {Mechel, {F.P.}},
  ALTeditor = 	 {},
  title = 	 {Formulas of {A}coustics},
  publisher = 	 {Springer},
  year = 	 {2008},
  OPTkey = 	 {},
  OPTvolume = 	 {},
  OPTnumber = 	 {},
  OPTseries = 	 {},
  OPTaddress = 	 {},
  OPTedition = 	 {},
  OPTmonth = 	 {},
  OPTnote = 	 {},
  OPTannote = 	 {}
}

@article{Harari:2005,
title = "A survey of finite element methods for time-harmonic acoustics",
journal = "Computer Methods in Applied Mechanics and Engineering",
volume = "195",
number = "13–16",
pages = "1594 - 1607",
year = "2006",
issn = "0045-7825",
doi = "10.1016/j.cma.2005.05.030",
author = "Isaac Harari",
}

@book {Ihlenburg:1998,
    AUTHOR = {Ihlenburg, Frank},
     TITLE = {Finite element analysis of acoustic scattering},
    SERIES = {Applied Mathematical Sciences},
    VOLUME = {132},
 PUBLISHER = {Springer-Verlag},
   ADDRESS = {New York},
      YEAR = {1998},
     PAGES = {xiv+224},
      ISBN = {0-387-98319-8},
   MRCLASS = {65N30 (65M60 76M10 76Q05)},
  MRNUMBER = {1639879 (99g:65114)},
MRREVIEWER = {A. Jami},
       DOI = {10.1007/b98828},
}

@article {Gottlieb-Shu:1997,
    AUTHOR = {Gottlieb, David and Shu, Chi-Wang},
     TITLE = {On the {G}ibbs phenomenon and its resolution},
   JOURNAL = {SIAM Rev.},
  FJOURNAL = {SIAM Review. A Publication of the Society for Industrial and
              Applied Mathematics},
    VOLUME = {39},
      YEAR = {1997},
    NUMBER = {4},
     PAGES = {644--668},
      ISSN = {0036-1445},
     CODEN = {SIREAD},
       DOI = {10.1137/S0036144596301390},
}

@article {Li-Kahan:2012,
    AUTHOR = {Li, Ren-Cang and Kahan, William},
     TITLE = {A family of anadromic numerical methods for matrix {R}iccati
              differential equations},
   JOURNAL = {Math. Comp.},
  FJOURNAL = {Mathematics of Computation},
    VOLUME = {81},
      YEAR = {2012},
    NUMBER = {277},
     PAGES = {233--265},
      ISSN = {0025-5718},
     CODEN = {MCMPAF},
   MRCLASS = {65L05},
  MRNUMBER = {2833494 (2012j:65198)},
MRREVIEWER = {J. C. Butcher},
       DOI = {10.1090/S0025-5718-2011-02498-1},
       URL = {http://dx.doi.org/10.1090/S0025-5718-2011-02498-1},
}

@article {Young:1981,
    AUTHOR = {Young, R.},
     TITLE = {On complete biorthogonal systems},
   JOURNAL = {Proc. Am. Math. Soc.},
  FJOURNAL = {Proceedings of the American mathematical Society},
    VOLUME = {83},
      YEAR = {1981},
    NUMBER = {3},
     PAGES = {537--540},
}

@article {Bauer:1964,
    AUTHOR = {Bauer, F.},
     TITLE = {On the completeness of biorthogonal systems},
   JOURNAL = {Mich. Math. J.},
  FJOURNAL = {Michigan Mathematical Journal},
    VOLUME = {11},
      YEAR = {1964},
    NUMBER = {4},
     PAGES = {379--383},
}

@article {Bauer:1965,
    AUTHOR = {Bauer, F.},
     TITLE = {Corrections to "{O}n the completeness of biorthogonal systems"},
   JOURNAL = {Mich. Math. J.},
  FJOURNAL = {Michigan Mathematical Journal},
    VOLUME = {12},
      YEAR = {1965},
    NUMBER = {1},
     PAGES = {127--128},
}

@article {Glav:2000,
    AUTHOR = {Glav, R.},
     TITLE = {The transfer matrix for a dissipative silencer of arbitrary cross-section},
   JOURNAL = {J. Sound. Vib.},
  FJOURNAL = {Journal of Sound and Vibration},
    VOLUME = {236},
      YEAR = {2000},
    NUMBER = {4},
     PAGES = {575--594},
}

@BOOK{Locker:2000,
  title = {Spectral {T}heory of {N}on--{S}elf--{A}djoint {T}wo--{P}oint {D}ifferential {O}perators},
  publisher = {American Mathematical Society},
  year = {2000},
  author = {Locker, J.},
  address = {Providence, Rhode Island},
  Series = {Mathematical {Surveys} and {M}onographs},
  volume = {73},
}